Automatically generated by Mendeley Desktop 1.11
Any changes to this file will be lost if it is regenerated by Mendeley.

BibTeX export options can be customized via Options -> BibTeX in Mendeley Desktop


@article{Aigerman2014,
 author = {Aigerman, Noam and Poranne, Roi and Lipman, Yaron},
 title = {Lifted Bijections for Low Distortion Surface Mappings},
 journal = {ACM Trans. Graph.},
 issue_date = {July 2014},
 volume = {33},
 number = {4},
 month = jul,
 year = {2014},
 issn = {0730-0301},
 pages = {69:1--69:12},
 articleno = {69},
 numpages = {12},
 url = {http://doi.acm.org/10.1145/2601097.2601158},
 doi = {10.1145/2601097.2601158},
 acmid = {2601158},
 publisher = {ACM},
 address = {New York, NY, USA},
 keywords = {bijective simplicial mappings, isometeric distortion, surface mesh},
} 


@article{BenChen2008,
author = {Ben-Chen, Mirela and Gotsman, Craig and Bunin, Guy},
doi = {10.1111/j.1467-8659.2008.01142.x},
file = {:cal/homes/vintescu/.local/share/data/Mendeley Ltd./Mendeley Desktop/Downloaded/Ben-Chen, Gotsman, Bunin - 2008 - Conformal Flattening by Curvature Prescription and Metric Scaling.pdf:pdf},
issn = {0167-7055},
journal = {Computer Graphics Forum},
number = {2},
pages = {449--458},
title = {{Conformal Flattening by Curvature Prescription and Metric Scaling}},
url = {http://doi.wiley.com/10.1111/j.1467-8659.2008.01142.x},
volume = {27},
year = {2008}
}





@inproceedings{Degener2003,
  added-at = {2005-01-24T00:00:00.000+0100},
  author = {Degener, Patrick and Meseth, Jan and Klein, Reinhard},
  biburl = {http://www.bibsonomy.org/bibtex/2a4ed5f79b668aa494612151b1e829374/dblp},
  booktitle = {IMR},
  date = {2005-01-24},
  description = {dblp},
  ee = {http://www.andrew.cmu.edu/user/sowen/abstracts/De968.html},
  interhash = {e260747c213d214a2de6b50dd85844d7},
  intrahash = {a4ed5f79b668aa494612151b1e829374},
  keywords = {dblp},
  pages = {201-213},
  timestamp = {2005-01-24T00:00:00.000+0100},
  title = {An Adaptable Surface Parameterization Method.},
  url = {http://dblp.uni-trier.de/db/conf/imr/imr2003.html#DegenerMK03},
  year = 2003
}




@article{Desbrun2002,
  added-at = {2012-04-14T00:00:00.000+0200},
  author = {Desbrun, Mathieu and Meyer, Mark and Alliez, Pierre},
  biburl = {http://www.bibsonomy.org/bibtex/20e23f8e80dbaa3eca2df6a880f47ee56/dblp},
  ee = {http://dx.doi.org/10.1111/1467-8659.00580},
  interhash = {8f42b1943426a3907b73752e9bced6a5},
  intrahash = {0e23f8e80dbaa3eca2df6a880f47ee56},
  journal = {Comput. Graph. Forum},
  keywords = {dblp},
  number = 3,
  pages = {209-218},
  timestamp = {2012-04-14T00:00:00.000+0200},
  title = {Intrinsic Parameterizations of Surface Meshes.},
  url = {http://dblp.uni-trier.de/db/journals/cgf/cgf21.html#DesbrunMA02},
  volume = 21,
  year = 2002
}

@inproceedings{Eck1995,
 author = {Eck, Matthias and DeRose, Tony and Duchamp, Tom and Hoppe, Hugues and Lounsbery, Michael and Stuetzle, Werner},
 title = {Multiresolution Analysis of Arbitrary Meshes},
 booktitle = {Proceedings of the 22Nd Annual Conference on Computer Graphics and Interactive Techniques},
 series = {SIGGRAPH '95},
 year = {1995},
 isbn = {0-89791-701-4},
 pages = {173--182},
 numpages = {10},
 url = {http://doi.acm.org/10.1145/218380.218440},
 doi = {10.1145/218380.218440},
 acmid = {218440},
 publisher = {ACM},
 address = {New York, NY, USA},
 keywords = {geometric modeling, subdivision surfaces, wavelets},
}


@ARTICLE{Floater1997,
    author = {Michael S. Floater},
    title = {Parametrization and smooth approximation of surface triangulations},
    journal = {Computer Aided Geometric Design},
    year = {1997},
    volume = {14},
    pages = {231--250}
}

@InCollection{Floater2002,
author = {M. S. Floater and K. Hormann},
title = {Parameterization of Triangulations and Unorganized Points},
booktitle = {Tutorials on Multiresolution in Geometric Modelling},
pages = {287-316},
publisher = {Springer},
year = 2002,
editor = {A. Iske and E. Quak and M. S. Floater},
series = {Mathematics and Visualization},
address = {Berlin, Heidelberg},
type = {Summer School Lecture Notes}
}


@article{Floater2003,
author = {Floater, Michael S.},
doi = {10.1016/S0167-8396(03)00002-5},
file = {:cal/homes/vintescu/New Folder/mean\_value.pdf:pdf},
issn = {01678396},
journal = {Computer Aided Geometric Design},
keywords = {barycentric coordinates,harmonic function,mean value theorem,parameteri-},
number = {1},
pages = {19--27},
title = {{Mean value coordinates}},
url = {http://linkinghub.elsevier.com/retrieve/pii/S0167839603000025},
volume = {20},
year = {2003}
}

@InCollection{Hormann2000,
author = {K. Hormann and G. Greiner},
title = {{MIPS}: An Efficient Global Parametrization Method},
booktitle = {Curve and Surface Design: Saint-Malo 1999},
pages = {153-162},
publisher = {Vanderbilt University Press},
year = 2000,
editor = {P.-J. Laurent and P. Sablonni{\`e}re and L. L. Schumaker},
series = {Innovations in Applied Mathematics},
address = {Nashville, TN}
}

@INPROCEEDINGS{Hormann2007,
   AUTHOR     = "Kai Hormann and Bruno L{\'e}vy and Alla Sheffer",
   TITLE      = "Mesh Parameterization: Theory and Practice",
   BOOKTITLE  = "ACM SIGGRAPH Course Notes",
   YEAR       = "2007",
}




@article{Kharevych06,
  added-at = {2006-08-22T00:00:00.000+0200},
  author = {Kharevych, Liliya and Springborn, Boris and Schr\"{o}der, Peter},
  biburl = {http://www.bibsonomy.org/bibtex/265af97f332468350f4990127c4264023/dblp},
  date = {2006-08-22},
  description = {dblp},
  ee = {http://doi.acm.org/10.1145/1138450.1138461},
  interhash = {27352f66df3097ce07ee13edbc40da6a},
  intrahash = {65af97f332468350f4990127c4264023},
  journal = {ACM Trans. Graph.},
  keywords = {dblp},
  number = 2,
  pages = {412-438},
  timestamp = {2006-08-22T00:00:00.000+0200},
  title = {Discrete conformal mappings via circle patterns.},
  url = {http://dblp.uni-trier.de/db/journals/tog/tog25.html#KharevychSS06},
  volume = 25,
  year = 2006
}


@article{Kim2010,
  author = "Vladimir Kim and Yaron Lipman and Xiaobai Chen and Thomas
    Funkhouser",
  title = "{M\"obius} Transformations For Global Intrinsic Symmetry Analysis",
  journal = "Computer Graphics Forum (Symposium on Geometry Processing)",
  year = "2010",
  month = jul,
  volume = "29",
  number = "5"
}

@article{Kim2011,
 author = {Kim, Vladimir G. and Lipman, Yaron and Funkhouser, Thomas},
 title = {Blended Intrinsic Maps},
 journal = {ACM Trans. Graph.},
 issue_date = {July 2011},
 volume = {30},
 number = {4},
 month = jul,
 year = {2011},
 issn = {0730-0301},
 pages = {79:1--79:12},
 articleno = {79},
 numpages = {12},
 url = {http://doi.acm.org/10.1145/2010324.1964974},
 doi = {10.1145/2010324.1964974},
 acmid = {1964974},
 publisher = {ACM},
 address = {New York, NY, USA},
 keywords = {inter-surface correspondences, inter-surface map},
} 



@article{Kraevoy2004,
author = {Kraevoy, V and Sheffer, Alla},
file = {:cal/homes/vintescu/.local/share/data/Mendeley Ltd./Mendeley Desktop/Dow{\'e}nloaded/Kraevoy, Sheffer - 2004 - Cross-parameterization and compatible remeshing of 3D models.pdf:pdf},
journal = {ACM Transactions on Graphics (TOG)},
keywords = {2002,mann et al,mesh generation,modeling,morphing,polygonal modeling,properties,shape blending,surface parameterization,transferring texture and surface},
number = {212},
pages = {861--869},
title = {{Cross-parameterization and Compatible Remeshing of 3D models}},
url = {http://dl.acm.org/citation.cfm?id=1015811},
volume = {1},
year = {2004}
}






@inproceedings{KraevoyS05,
  author = {Kraevoy, Vladislav and Sheffer, Alla},
  biburl = {http://www.bibsonomy.org/bibtex/252b8172348cb43d78ef1248c81d2d948/dblp},
  booktitle = {Symposium on Geometry Processing},
  crossref = {conf/sgp/2005},
  editor = {Desbrun, Mathieu and Pottmann, Helmut},
  ee = {http://dl.acm.org/citation.cfm?id=1281924},
  isbn = {3-905673-24-X},
  keywords = {dblp},
  pages = {13-22},
  publisher = {Eurographics Association},
  series = {ACM International Conference Proceeding Series},
  timestamp = {2012-09-21T00:00:00.000+0200},
  title = {Template-Based Mesh Completion.},
  url = {http://dblp.uni-trier.de/db/conf/sgp/sgp2005.html#KraevoyS05},
  volume = 255,
  year = 2005
}

@article{Kwok12,
  added-at = {2012-08-31T00:00:00.000+0200},
  author = {Kwok, Tsz-Ho and Zhang, Yunbo and Wang, Charlie C. L.},
  biburl = {http://www.bibsonomy.org/bibtex/21eaed3b8ad7de351c563d4f077b88c3f/dblp},
  ee = {http://dx.doi.org/10.1109/TVCG.2011.115},
  interhash = {a16d5a5d78387de07b64ac89b92bad23},
  intrahash = {1eaed3b8ad7de351c563d4f077b88c3f},
  journal = {IEEE Trans. Vis. Comput. Graph.},
  keywords = {dblp},
  number = 10,
  pages = {1678-1692},
  timestamp = {2012-08-31T00:00:00.000+0200},
  title = {Efficient Optimization of Common Base Domains for Cross Parameterization.},
  url = {http://dblp.uni-trier.de/db/journals/tvcg/tvcg18.html#KwokZW12},
  volume = 18,
  year = 2012
}



@INPROCEEDINGS{Levy2001,
   AUTHOR     = "L{\'e}vy, Bruno",
   TITLE      = "Constrained Texture Mapping",
   BOOKTITLE  = "ACM SIGGRAPH conference proceedings",
   YEAR       = "2001",
   EDITOR     = "",
   MONTH      = "Aug",
   ORGANIZATION = "ACM",
   PUBLISHER  = "Addison Wesley",
}


@INPROCEEDINGS{Levy2002,
   AUTHOR     = "L{\'e}vy, Bruno and Petitjean, Sylvain and Ray, Nicolas and Maillot, J{\'e}rome",
   TITLE      = "Least Squares Conformal Maps for Automatic Texture Atlas Generation",
   BOOKTITLE  = "ACM SIGGRAPH conference proceedings",
   YEAR       = "2002",
   EDITOR     = "ACM",
   MONTH      = "Jul",
   URL        = "http://www.loria.fr/publications/2002/A02-R-065/A02-R-065.ps",
}

@ARTICLE{Levy2003,
   AUTHOR     = "L{\'e}vy, Bruno",
   TITLE      = "Dual Domain Extrapolation",
   JOURNAL    = "ACM Transactions on Graphics (SIGGRAPH conference proceedings)",
   YEAR       = "2003",
   VOLUME     = "22",
   NUMBER     = "3",
   PAGES      = "364-369",
   MONTH      = "Jul",
   NOTE       = "SIGGRAPH 2003 Session \,: Parameterization",
}


@article{Lipman2009,
 author = {Lipman, Yaron and Funkhouser, Thomas},
 title = {M\"{o}Bius Voting for Surface Correspondence},
 journal = {ACM Trans. Graph.},
 issue_date = {August 2009},
 volume = {28},
 number = {3},
 month = jul,
 year = {2009},
 issn = {0730-0301},
 pages = {72:1--72:12},
 articleno = {72},
 numpages = {12},
 url = {http://doi.acm.org/10.1145/1531326.1531378},
 doi = {10.1145/1531326.1531378},
 acmid = {1531378},
 publisher = {ACM},
 address = {New York, NY, USA},
}

@article{Liu2008,
author = {Liu, Ligang and Zhang, Lei and Xu, Yin and Gotsman, Craig and Gortler, Steven J.},
doi = {10.1111/j.1467-8659.2008.01290.x},
file = {:cal/homes/vintescu/raport referinte/arap (1).pdf:pdf},
issn = {01677055},
journal = {Computer Graphics Forum},
month = jul,
number = {5},
pages = {1495--1504},
title = {{A Local/Global Approach to Mesh Parameterization}},
url = {http://doi.wiley.com/10.1111/j.1467-8659.2008.01290.x},
volume = {27},
year = {2008}
}

@INPROCEEDINGS{Ray2003,
   AUTHOR     = "Ray, Nicolas and L{\'e}vy, Bruno",
   TITLE      = "Hierarchical Least Squares Conformal Maps",
   BOOKTITLE  = "11th Pacific Conference on Computer Graphics and Applications, Canmor
                   e, Canada",
   YEAR       = "2003",
   PAGES      = "263-270",
   MONTH      = "Octobre",
}


@article{Schreiner2004a,
author = {Schreiner, John and Asirvatham, Arul and Praun, Emil and Hoppe, Hugues},
doi = {10.1145/1015706.1015812},
file = {:cal/homes/vintescu/.local/share/data/Mendeley Ltd./Mendeley Desktop/Downloaded/Schreiner et al. - 2004 - Inter-surface mapping.pdf:pdf},
issn = {07300301},
journal = {ACM Transactions on Graphics},
keywords = {remeshing,shape morphing,surface parametrization},
number = {3},
pages = {870},
title = {{Inter-surface mapping}},
url = {http://portal.acm.org/citation.cfm?doid=1015706.1015812},
volume = {23},
year = {2004}
}


@INPROCEEDINGS{Sheffer2000,
    author = {A. Sheffer and E. De Sturler},
    title = {Surface Parameterization for Meshing by Triangulation Flattening},
    booktitle = {Proc. 9th International Meshing Roundtable},
    year = {2000},
    pages = {161--172}
}


@ARTICLE{Sheffer2005,
   AUTHOR     = "Sheffer, Alla and L{\'e}vy, Bruno and Mogilnitsky, Maxim and Bogom
                 yakov, Alexander",
   TITLE      = "ABF++: Fast and Robust Angle Based Flattening",
   JOURNAL    = "ACM Transactions on Graphics",
   YEAR       = "2005",
}


@article{Sheffer2006,
author = {Sheffer, Alla and Praun, Emil and Rose, Kenneth},
doi = {10.1561/0600000011},
file = {:cal/homes/vintescu/research papers/mesh param methods.pdf:pdf},
issn = {1572-2740},
journal = {Foundations and Trends® in Computer Graphics and Vision},
number = {2},
pages = {105--171},
title = {{Mesh Parameterization Methods and Their Applications}},
url = {http://www.nowpublishers.com/product.aspx?product=CGV\&doi=0600000011},
volume = {2},
year = {2006}
}
@article{Springborn2008,
author = {Springborn, Boris and Schr\"{o}der, Peter and Pinkall, Ulrich},
doi = {10.1145/1360612.1360676},
file = {:cal/homes/vintescu/research papers/14.Conformal Equivalence of Triangle meshes.pdf:pdf},
issn = {07300301},
journal = {ACM Transactions on Graphics},
keywords = {cone singularities,conformal equivalence,conformal parame-,discrete differential geometry,discrete riemannian metric,terization,texture mapping},
number = {3},
pages = {1},
title = {{Conformal equivalence of triangle meshes}},
url = {http://portal.acm.org/citation.cfm?doid=1360612.1360676},
volume = {27},
year = {2008}
}


@MISC{Tutte63,
    author = {W. T. Tutte},
    title = { HOW TO DRAW A Graph},
    year = {1963}
}

@book{Wachspress75,
   title = "A rational finite element basis",
   author = "Wachspress, Eugene L.",
   series = "Mathematics in science and engineering",
   publisher = "Academic Press",
   address = "New York",
   url = "http://opac.inria.fr/record=b1083801",
   isbn = "0-12-728950-X",
   year = 1975
}















